=LDR  01967cam a2200313 a 4500
=001  99141663810302021
=005  20250515153436.0
=008  840308s1935\\\\xxk\\\\\\\\\\\000\0\eng\\
=035  \\$a1416638
=035  \\$a(UkLSE)1416638-lsedb
=035  \\$a(OCoLC)09331769$z(OCoLC)217175771$z(OCoLC)562870165$z(OCoLC)656109409$z(OCoLC)656169467$z(OCoLC)750468826$z(OCoLC)911711160$z(OCoLC)1079228937$z(OCoLC)1229269149$z(OCoLC)1275491528$z(OCoLC)1276135744$z(OCoLC)1382842417$z(OCoLC)1434644254$z(OCoLC)1464119873
=082  14$a324.623092$c22
=094  \\$a324.6230924$kPAN
=100  1\$aPankhurst, E. Sylvia$q(Estelle Sylvia),$d1882-1960.$0http://id.loc.gov/authorities/names/n50052783$1http://viaf.org/viaf/51731588
=245  14$aThe life of Emmeline Pankhurst :$bthe suffragette struggle for women's citizenship /$cby E. Sylvia Pankhurst
=260  \\$aLondon :$bT. Werner Laurie,$c1935
=300  \\$a180p
=500  \\$aJB Society Library'
=599  1\$a3800166314 donated by Michael Foot in memory of Jill Craigie
=600  10$aPankhurst, Emmeline,$d1858-1928.$0http://id.loc.gov/authorities/names/n50050204$1http://viaf.org/viaf/44380444
=651  \0$aGreat Britain$asuffrage movements$iwomen's$aPankhurst, Emmeline$f1858-1928$abiographies.
=693  \\$zJosephine Butler Collection

